@book{graf1993lunar,
  title     = {Lunar Soils Grain Size Catalog},
  author    = {Graf, J.C.},
  series    = {NASA Reference Publication},
  url       = {https://books.google.com.co/books?id=U446AQAAIAAJ},
  year      = {1993},
  publisher = {NASA}
}
@article{Reginaldb,
  issn      = {0003049X},
  url       = {http://www.jstor.org/stable/3301051},
  author    = {Reginald A. Daly},
  journal   = {Proceedings of the American Philosophical Society},
  number    = {2},
  pages     = {104--119},
  publisher = {American Philosophical Society},
  title     = {Origin of the Moon and Its Topography},
  urldate   = {2024-05-29},
  volume    = {90},
  year      = {1946}
}
@article{WU2018145,
  title    = {Spectroscopic observations of the Moon at the lunar surface},
  journal  = {Earth and Planetary Science Letters},
  volume   = {484},
  pages    = {145-153},
  year     = {2018},
  issn     = {0012-821X},
  doi      = {https://doi.org/10.1016/j.epsl.2017.12.003},
  url      = {https://www.sciencedirect.com/science/article/pii/S0012821X1730701X},
  author   = {Yunzhao Wu and Bruce Hapke},
  keywords = {reflectance spectra, Chang'E-3 mission, lunar rover Yutu, space weathering, microscopic surface temperature,  observation}
}
@article{McCord,
  author   = {McCord, Thomas B. and Clark, Roger N. and Hawke, B. Ray and McFadden, Lucy A. and Owensby, P. D. and Pieters, Carle M. and Adams, John B.},
  title    = {Moon: Near-infrared spectral reflectance, A first good look},
  journal  = {Journal of Geophysical Research: Solid Earth},
  volume   = {86},
  number   = {B11},
  pages    = {10883-10892},
  doi      = {https://doi.org/10.1029/JB086iB11p10883},
  url      = {https://agupubs.onlinelibrary.wiley.com/doi/abs/10.1029/JB086iB11p10883},
  eprint   = {https://agupubs.onlinelibrary.wiley.com/doi/pdf/10.1029/JB086iB11p10883},
  year     = {1981}
}
@article{SALISBURY1997125,
  title    = {Thermal Infrared Spectra of Lunar Soils},
  journal  = {Icarus},
  volume   = {130},
  number   = {1},
  pages    = {125-139},
  year     = {1997},
  issn     = {0019-1035},
  doi      = {https://doi.org/10.1006/icar.1997.5809},
  url      = {https://www.sciencedirect.com/science/article/pii/S0019103597958097},
  author   = {John W. Salisbury and Abhijit Basu and Erich M. Fischer}
}
@article{NAsh_douglas,
  author   = {Nash, Douglas B. and Salisbury, John W. and Conel, James E. and Lucey, Paul G. and Christensen, Philip R.},
  title    = {Evaluation of infrared emission spectroscopy for mapping the moon's surface composition from lunar orbit},
  journal  = {Journal of Geophysical Research: Planets},
  volume   = {98},
  number   = {E12},
  pages    = {23535-23552},
  doi      = {https://doi.org/10.1029/93JE02604},
  url      = {https://agupubs.onlinelibrary.wiley.com/doi/abs/10.1029/93JE02604},
  eprint   = {https://agupubs.onlinelibrary.wiley.com/doi/pdf/10.1029/93JE02604},
  year     = {1993}
}

@misc{lro_coordinate_system,
  author = {{NASA Planetary Data System}},
  title  = {{LRO Coordinate System}},
  year   = {2008},
  url    = {https://pds-imaging.jpl.nasa.gov/documentation/LRO_Coordinate_System.pdf},
  note   = {Accessed: 2024-05-28}
}
@misc{iau_control_networks,
  author       = {{International Astronomical Union}},
  title        = {Control Networks and Coordinate Systems},
  year         = 2024,
  url          = {https://astrogeology.usgs.gov/tools/map-a-planet-2},
  note         = {Accessed: 2024-05-28}
}
@article{Origin_of_the_moon,
  issn      = {0003049X},
  url       = {http://www.jstor.org/stable/3301051},
  author    = {Reginald A. Daly},
  journal   = {Proceedings of the American Philosophical Society},
  number    = {2},
  pages     = {104--119},
  publisher = {American Philosophical Society},
  title     = {Origin of the Moon and Its Topography},
  urldate   = {2024-05-28},
  volume    = {90},
  year      = {1946}
}
@book{byrne2008far,
  title     = {The Far Side of the Moon: A Photographic Guide},
  author    = {Byrne, C.J.},
  isbn      = {9789780387730},
  lccn      = {2007932624},
  series    = {Patrick Moore's practical astronomy series},
  url       = {https://books.google.com.co/books?id=a_oIzwEACAAJ},
  year      = {2008},
  publisher = {Springer}
}
@book{wang2020atmosphere,
  title     = {Atmosphere and climate},
  author    = {Wang, Yeqiao},
  year      = {2020},
  publisher = {CRC Press}
}
@article{PLanet_formation,
  author    = {Lissauer, Jack J.},
  title     = {Planet Formation},
  journal   = {Annual Review of Astronomy and Astrophysics},
  year      = {1993},
  volume    = {31},
  number    = {Volume 31, 1993},
  pages     = {129-172},
  doi       = {https://doi.org/10.1146/annurev.aa.31.090193.001021},
  url       = {https://www.annualreviews.org/content/journals/10.1146/annurev.aa.31.090193.001021},
  publisher = {Annual Reviews},
  issn      = {1545-4282},
  type      = {Journal Article},
  keywords  = {planets},
  keywords  = {Solar System},
  keywords  = {cosmogony}
}
@article{ZHAO2023115766,
  title    = {Variations in lunar regolith properties with depth as revealed by Chang'e-5 samples},
  journal  = {Icarus},
  volume   = {406},
  pages    = {115766},
  year     = {2023},
  issn     = {0019-1035},
  doi      = {https://doi.org/10.1016/j.icarus.2023.115766},
  url      = {https://www.sciencedirect.com/science/article/pii/S0019103523003433},
  author   = {Siyuan Zhao and Long Xiao and Yuqi Qian and Jiawei Zhao and Zhenbing She and Qi He and Zaicong Wang and Xinyi Wang and Kenan Cao and Xiangbin Zeng and Yixuan Wang and Jiahuai Sun and Mingtan Dong and Qian Xiao and Zongjun Yin and Hao Yang and Jiannan Zhao and Jiang Wang and Jun Huang and Zhaochu Hu and Keqing Zong and Xiang Wu and Changhuan Wang},
  keywords = {Chang'e-5, Lunar soils, Granulometry, Mineralogy, Shock metamorphism},
}
@book{rybicki1991radiative,
  title     = {Radiative Processes in Astrophysics},
  author    = {Rybicki, G.B. and Lightman, A.P.},
  isbn      = {9780471827597},
  lccn      = {79015531},
  series    = {A Wiley-Interscience publication},
  url       = {https://books.google.com.co/books?id=GWWDDwAAQBAJ},
  year      = {1991},
  publisher = {Wiley}
}
@book{CarrascoLicea2021,
  title     = {Del Sol a los confines del Sistema solar},
  author    = {Esperanza Carrasco Licea and Alberto Carramiñana Alonso},
  year      = 2021,
  publisher = {Fondo de Cultura Económica de España},
  address   = {Madrid},
  pages     = {102},
  isbn      = {9786071662989},
  url       = {http://digital.casalini.it/9786071662989},
  note      = {Casalini id: 5420211}
}

@article{LESLIE2019598,
  title   = {A Chinese Lander Explores the Far Side of the Moon},
  journal = {Engineering},
  volume  = {5},
  number  = {4},
  pages   = {598-599},
  year    = {2019},
  issn    = {2095-8099},
  doi     = {https://doi.org/10.1016/j.eng.2019.07.006},
  url     = {https://www.sciencedirect.com/science/article/pii/S2095809919307830},
  author  = {Mitch Leslie}
}
@article{JIA2018207,
title = {The scientific objectives and payloads of Chang'E-4 mission},
journal = {Planetary and Space Science},
volume = {162},
pages = {207-215},
year = {2018},
note = {Lunar Reconnaissance Orbiter - Seven Years of Exploration and Discovery},
issn = {0032-0633},
doi = {https://doi.org/10.1016/j.pss.2018.02.011},
url = {https://www.sciencedirect.com/science/article/pii/S0032063317300211},
author = {Yingzhuo Jia and Yongliao Zou and Jinsong Ping and Changbin Xue and Jun Yan and Yuanming Ning},
keywords = {Lunar exploration, Chang\'E-4, Scientific objectives, Payloads}
}
@misc{isro2024,
  author = {{Indian Space Research Organisation}},
  title  = {Current Space Situation around Moon - Assessment},
  year   = {2023},
  url    = {https://www.isro.gov.in/Current_Space_Situation_around_Moon_Assessment.html},
  note   = {Consultado: 2024-05-22}
}
@article{DSOUZA20242297,
  title    = {Characterization of the Moon's South polar craters using optical, microwave and thermal remote sensing},
  journal  = {Advances in Space Research},
  volume   = {73},
  number   = {4},
  pages    = {2297-2322},
  year     = {2024},
  note     = {Synergistic Use of Remote Sensing Data and In-Situ Investigations to Reveal the Hidden Secrets of the Moon},
  issn     = {0273-1177},
  doi      = {https://doi.org/10.1016/j.asr.2023.11.009},
  url      = {https://www.sciencedirect.com/science/article/pii/S0273117723008955},
  author   = {Hamish Dsouza and Shashi Kumar},
  keywords = {Chandrayaan-2, Dual Frequency Synthetic Aperture Radar (DFSAR), Permanently Shadowed Regions (PSR), Lunar South Polar Craters, Summer Temperature of the Moon},
  abstract = {The peculiar illumination and insolation conditions at the poles of the Moon lead to the formation of Permanently Shadowed Regions (PSR) that act as cold traps for volatiles and are important for In Situ Resource Utilization (ISRU). However, since these regions lie in shadows of surrounding topographic highs, the ability of optical remote sensing in imaging these regions for photo reconnaissance is limited and using other modes of remote sensing becomes imperative. In this work, reflectance from optical data, backscatter from active microwave data and temperature from thermal data from the surfaces of three craters – de Gerlache, Haworth and Shoemaker – on the South Pole of the Moon, in close proximity to the Artemis III candidate landing sites, has been studied. Images from Clementine UVVIS, LRO WAC and LRO NAC have been compared with fully polarimetric data from the L-bands sensor of Chandrayaan-2 DFSAR. Further, the temperatures at the surface of the craters have been studied using data from LRO DIVINER. Since large parts of the craters under study lie in permanent shadows, Clementine UVVIS and LRO WAC could image only some parts of the rims. LRO NAC, with its longer exposure times, could image some parts within the crater however the walls of the crater and the floor near the walls remained in shadow. DFSAR was found to be useful in viewing the permanently shadowed regions of the craters. Overall, the backscatter in HH and VV (co-pol) channels was higher than the backscatter in HV and VH (cross-pol) channels. The elevated rims of the craters were clearly visible in co-pol channels and the rough texture of the ejecta of the craters had a distinct high backscatter in cross-pol channels. This fully polarimetric data can be used to map the interiors of the craters where optical data has low albedo. Analysis of the thermal data revealed that within the craters, in the regions that were in perpetual shadows, the maximum summer temperatures were less than 150 K making these regions cold traps for volatiles and possible locations of surface water–ice. The parts of craters lying in the shadows of surrounding higher features had lower maximum temperatures in summer and the parts facing them had higher maximum temperatures due to reflected insolation. Seleno Referenced Image (SRI) product from Chandrayaan-2 DFSAR was found to be a viable alternative to optical data for viewing the PSRs and for their geologic mapping.}
}
@article{Razmi_2005,
  doi       = {10.1088/0143-0807/26/5/024},
  url       = {https://dx.doi.org/10.1088/0143-0807/26/5/024},
  year      = {2005},
  month     = {jul},
  publisher = {},
  volume    = {26},
  number    = {5},
  pages     = {927},
  author    = {H Razmi},
  title     = {On the tidal force of the Moon on the Earth},
  journal   = {European Journal of Physics},
  abstract  = {Here, first, the static formulation of tidal forces with completely spherical symmetry is reviewed (a differential calculus-based method is additionally introduced for readers with more familiarity with/interest in mathematical tools). Then, the result is generalized to the tidal force of the Moon acting on the Earth by considering the rotational dynamics and the (real) oblate spheroidal shape of the Earth.}
}
@article{GaravitoArmero_2017, 
  place={Bogotá, Colombia}, 
  title={Fórmulas definitivas para el cálculo del movimiento de la luna por el método de Hill-Brown y con la notación usada por Henri Poincaré en el Tomo III de su curso de Mecánica Celeste}, 
  volume={41}, 
  url={https://raccefyn.co/index.php/raccefyn/article/view/568}, 
  DOI={10.18257/raccefyn.568}, 
  abstractNote={&amp;lt;p&amp;gt;Este artículo de Julio Garavito Armero es un abigarrado conjunto de expresiones matemáticas con sólo las indicaciones necesarias para seguir su desarrollo. Comienza en la página 560 y finaliza al inicio de la 568. De allí hasta la página 570, la Dirección de la Revista aportó, en 1945, once notas técnicas relativas a las dificultades matemáticas del movimiento de la luna, y una nota sobre la pertinencia del aporte de Garavito en el contexto internacional de la época, marcado por los trabajos de John William Hill, Ernst William Brown y Henri Poincaré, en los que se basara el científico colombiano. Garavito propuso un método propio para generar tablas lunares que pudieran superar las Tables of the Motion of the Moon, obra maestra de Brown publicada en 1919, la que se basó en trabajos previos de Hill. A pesar de ser las mejores de su época (superadas apenas en la década de los 80), la complejidad del movimiento lunar obligó a ajustar sus datos “empíricamente”. Este tipo de dificultades relacionadas con las tablas lunares había sido analizado con anterioridad por Poincaré, varias veces nominado al Premio Nóbel de Física sin recibirlo nunca, en sus Leçons de mécanique céleste, cuyo tomo III se publicó en 1910. Garavito no sólo aportó una respuesta original para un problema de frontera científica en astronomía de posición, sino que lo hizo intentando superar la mejor respuesta lograda en su momento, una conducta característica de los investigadores genuinos. Por las razones anteriores, la Academia Colombiana de Ciencias Exactas Físicas y Naturales presenta este artículo de Julio Garavito Armero en conjunto con las notas explicativas de 1945, cómo un clásico de la literatura científica colombiana del siglo 20.&amp;lt;/p&amp;gt;&amp;lt;p&amp;gt;&amp;lt;br /&amp;gt;Román Castañeda Sepúlveda, Ph.D.&amp;lt;br /&amp;gt;&amp;lt;em&amp;gt;Miembro de Número&amp;lt;/em&amp;gt;&amp;lt;/p&amp;gt;}, 
  number={Suplemento}, 
  journal={Revista de la Academia Colombiana de Ciencias Exactas, Físicas y Naturales}, 
  author={Garavito Armero, Julio}, 
  year={2017}, 
  month={dic.}, 
  pages={80–91}
}
@book{galilei1610,
  author    = {Galileo Galilei},
  title     = {Sidereus Nuncius},
  year      = {1610},
  publisher = {Tommaso Baglioni},
  address   = {Venice},
  language  = {Latin},
  note      = {First edition}
}

@article{Sun,
  issn      = {00368733, 19467087},
  url       = {https://www.jstor.org/stable/27173502},
  author    = {Rebecca Boyle},
  journal   = {Scientific American},
  number    = {6},
  pages     = {pp. 26--33},
  publisher = {Scientific American, a division of Nature America, Inc.},
  title     = {THE SECRET LIFE OF THE SUN},
  urldate   = {2024-05-22},
  volume    = {318},
  year      = {2018}
}
@article{kolaczek1968selenocentric,
  title   = {Selenocentric and Lunar Topocentric Spherical Coordinates on the Base of the General Formulas of Spherical Coordinate Transformation.},
  author  = {Kolaczek, Barbara},
  journal = {The Astronomical Journal Supplement},
  volume  = {73},
  pages   = {20},
  year    = {1968}
}
@book{levin2003origin,
  title     = {Origin of the Earth and Planets},
  author    = {Levin, B.Y.},
  isbn      = {9781410205650},
  url       = {https://books.google.com.co/books?id=E8VLPQAACAAJ},
  year      = {1956},
  publisher = {University Press of the Pacific}
}

@article{P_Kotrc,
  author   = {P Kotrč},
  journal  = {EARTH SYSTEM: HISTORY AND NATURAL VARIABILITY},
  keywords = {active region,chromosphere,convective zone,corona,coronal mass ejection,flare,irradiance,luminosity,magnetic field,main sequence star,nuclear fusion,photosphere,primordial globule,prominence,protosun,solar cycle,solar interior,solar wind},
  title    = {HISTORY OF THE SUN}
}
@article{VERMA2022115075,
  title    = {Lunar surface temperature estimation and thermal emission correction using Chandrayaan-2 imaging infrared spectrometer data for H2O \& OH detection using 3 micron hydration feature},
  journal  = {Icarus},
  volume   = {383},
  pages    = {115075},
  year     = {2022},
  issn     = {0019-1035},
  doi      = {https://doi.org/10.1016/j.icarus.2022.115075},
  url      = {https://www.sciencedirect.com/science/article/pii/S0019103522001853},
  author   = {Prabhakar Alok Verma and Mamta Chauhan and Prakash Chauhan},
  abstract = {This paper presents the methodology for correction of thermal emission from the Imaging Infrared Spectrometer sensor data onboard the recently launched Chandrayaan-2 spacecraft. The sensor provides extended spectral range of 0.8–5 micron and a spectral resolution of ~20 nm. The Imaging Infrared Spectrometer measures the reflected and emitted radiation of the Moon at a spatial resolution of ~80 m and has an advantage over the previous sensors in complete and clear characterization of OH/H2O feature. The thermal removal method follows calculation of the mean surface temperature at a fixed emissivity to obtain thermally corrected spectra. Further, the data have been utilized to generate temperature map of the Moon from the available data strips. The data after thermal correction can be further utilized to understand and derive the radiative and thermophysical properties of regolith and volatiles on the Moon.}
}
@misc{nationalgeographic2024,
  author = {{National Geographic}},
  title  = {Carrera espacial: paso a paso},
  year   = {2024},
  url    = {https://www.nationalgeographic.com.es/llegada-del-hombre-a-la-luna/carrera-espacial-paso-a-paso_14369},
  note   = {Accessed: 2024-05-24}
}
@misc{TheFormationandEvolutionoftheSolarSystem,
  author    = {Mikhail Marov},
  title     = {The Formation and Evolution of the Solar System},
  year      = {2018},
  month     = {05},
  publisher = {Oxford University Press},
  doi       = {10.1093/acrefore/9780190647926.013.2},
  url       = {https://oxfordre.com/planetaryscience/view/10.1093/acrefore/9780190647926.001.0001/acrefore-9780190647926-e-2}
}
@misc{NickStrobel,
  author    = {{Pennsylvania State University} {Nick Strobel}},
  publisher = {Pennsylvania State University},
  title     = {The Transition to the Red Giant Phase for Sun-like stars},
  year      = {2022},
  url       = {https://www.e-education.psu.edu/astro801/book/export/html/1824},
  note      = {Consultado: 2024-05-23}
}

@inbook{Hanslmeier2023,
  author    = {Hanslmeier, Arnold},
  title     = {Stars: Formation, Structure and Evolution},
  booktitle = {Fascination Astronomy: A cutting-edge introduction for all those interested in the natural sciences},
  year      = {2023},
  publisher = {Springer Berlin Heidelberg},
  address   = {Berlin, Heidelberg},
  pages     = {177--210},
  abstract  = {In this section we will cover the formation, structure as well as the evolution of stars. We will see that stars still form today, that they evolve, with the evolution depending on their mass. When the nuclear fuel supply is used up, stars reach one of three possible final stages, depending on their mass: white dwarfs, neutron stars or black holes.},
  isbn      = {978-3-662-66020-1},
  doi       = {10.1007/978-3-662-66020-1_7},
  url       = {https://doi.org/10.1007/978-3-662-66020-1_7}
}
@article{annurev:galacticwinds,
  author    = {Veilleux, Sylvain and Cecil, Gerald and Bland-Hawthorn, Joss},
  title     = {Galactic Winds},
  journal   = {Annual Review of Astronomy and Astrophysics},
  year      = {2005},
  volume    = {43},
  number    = {Volume 43, 2005},
  pages     = {769-826},
  doi       = {https://doi.org/10.1146/annurev.astro.43.072103.150610},
  url       = {https://www.annualreviews.org/content/journals/10.1146/annurev.astro.43.072103.150610},
  publisher = {Annual Reviews},
  issn      = {1545-4282},
  type      = {Journal Article},
  keywords  = {evolution},
  keywords  = {nuclei},
  keywords  = {intergalactic medium},
  keywords  = {kinematics and dynamics},
  keywords  = {halos},
  abstract  = {▪ Abstract Galactic winds are the primary mechanism by which energy and metals are recycled in galaxies and are deposited into the intergalactic medium. New observations are revealing the ubiquity of this process, particularly at high redshift. We describe the physics behind these winds, discuss the observational evidence for them in nearby star-forming and active galaxies and in the high-redshift universe, and consider the implications of energetic winds for the formation and evolution of galaxies and the intergalactic medium. To inspire future research, we conclude with a set of observational and theoretical challenges.}
}
@article{Muller,
  author  = {{Müller, T. G.} and {Burgdorf, M.} and {Alí-Lagoa, V.} and {Buehler, S. A.} and {Prange, M.}},
  title   = {The Moon at thermal infrared wavelengths: a benchmark for asteroid thermal models},
  doi     = {10.1051/0004-6361/202039946},
  url     = {https://doi.org/10.1051/0004-6361/202039946},
  journal = {A&A},
  year    = 2021,
  volume  = 650,
  pages   = {A38}
}
@article{Zhengling2024,
  title    = {Simulation of the temperatures in the permanently shadowed region of the Moon's south pole and data validation},
  journal  = {Icarus},
  volume   = {411},
  pages    = {115917},
  year     = {2024},
  issn     = {0019-1035},
  doi      = {https://doi.org/10.1016/j.icarus.2023.115917},
  url      = {https://www.sciencedirect.com/science/article/pii/S0019103523004967},
  author   = {Zhengling Yin and Niutao Liu and Ya-Qiu Jin},
  keywords = {Moon, PSR, Temperature, Infrared, Water ice},
}
@book{PhysicsandAstronomyMoon,
  title     = {Physics and Astronomy of the Moon},
  author    = {Zdeněk Kopal},
  isbn      = {6016985},
  series    = {Department of Astronomy, University of Manchester},
  year      = {1961},
  publisher = {Academic Press, New York and London},
  keywords  = {physics}
}
@article{mathis1977size,
  title   = {The size distribution of interstellar grains},
  author  = {Mathis, John S and Rumpl, William and Nordsieck, Kenneth H},
  journal = {Astrophysical Journal, Part 1, vol. 217, Oct. 15, 1977, p. 425-433. NSF-supported research.},
  volume  = {217},
  pages   = {425--433},
  year    = {1977}
}
@inproceedings{Whittet2022DustIT,
  title  = {Dust in the Galactic Environment (Third Edition)},
  author = {D. C. B. Whittet},
  year   = {2022},
  url    = {https://api.semanticscholar.org/CorpusID:251685183}
}
@article{Boquien2019,
  author  = {{Boquien, M.} and {Burgarella, D.} and {Roehlly, Y.} and {Buat, V.} and {Ciesla, L.} and {Corre, D.} and {Inoue, A. K.} and {Salas, H.}},
  title   = {CIGALE: a python Code Investigating GALaxy Emission},
  doi     = {10.1051/0004-6361/201834156},
  url     = {https://doi.org/10.1051/0004-6361/201834156},
  journal = {A},
  year    = {2019},
  volume  = {622},
  pages   = {A103}
}